<?xml version="1.0" encoding="UTF-8"?><collection xmlns="http://www.loc.gov/MARC21/slim"><record><leader>00484nam--2200181-i-4500</leader><controlfield tag="001">000037390</controlfield><controlfield tag="002">20161230</controlfield><controlfield tag="005">20161230201041</controlfield><controlfield tag="008">060222s1000------------r-----000-0-rus-d</controlfield><datafield ind1=" " ind2=" " tag="041"><subfield code="a">rus</subfield></datafield><datafield ind1=" " ind2=" " tag="080"><subfield code="a">524.1:523.165</subfield></datafield><datafield ind1="1" ind2=" " tag="100"><subfield code="a">Kotov, V.I</subfield></datafield><datafield ind1="1" ind2="0" tag="245"><subfield code="a">Fokusirovka i razdelenie po massam ceastit visokih energii</subfield><subfield code="c">V.i. kotov, v.v. miller</subfield></datafield><datafield ind1=" " ind2=" " tag="260"><subfield code="a">Moskva</subfield><subfield code="b">Atomizdat</subfield><subfield code="c">1969</subfield></datafield><datafield ind1=" " ind2=" " tag="300"><subfield code="a">280P</subfield></datafield><datafield ind1=" " ind2=" " tag="700"><subfield code="a">Miller, V.V</subfield></datafield><datafield ind1=" " ind2=" " tag="852"><subfield code="a">32203</subfield><subfield code="c">539.131</subfield></datafield><datafield ind1=" " ind2=" " tag="CAT"><subfield code="a">Sys</subfield><subfield code="c">20120301</subfield><subfield code="h">093029</subfield></datafield></record></collection>